@book{Chen1984,
author = {Chen, Francis F.},
doi = {10.1007/978-1-4757-5595-4},
edition = {2},
isbn = {978-1-4419-3201-3},
keywords = {Chen},
mendeley-groups = {Textbooks,Plasma},
pages = {2},
publisher = {Springer},
title = {{Introduction to plasma physics and controlled fusion}},
volume = {1},
year = {1984}
}

@online{paschen-curves,
 author  = "Wikimedia Commons",
 title   = "Paschen curves",
 year    = "2014",
 urlseen = "24-04-16",
 url     = "https://commons.wikimedia.org/wiki/File:Paschen_curves.svg",
}
